<?xml version="1.0" encoding="UTF-8"?><record xmlns="http://www.loc.gov/MARC21/slim" xmlns:cinclude="http://apache.org/cocoon/include/1.0" xmlns:zs="http://www.loc.gov/zing/srw/">
  <leader>00866cz  a2200229n  4500</leader>
  <controlfield tag="001">n  89260343 </controlfield>
  <controlfield tag="003">DLC</controlfield>
  <controlfield tag="005">20091128075000.0</controlfield>
  <controlfield tag="008">920114n| acannaabn          |a ana      </controlfield>
  <datafield tag="010" ind1=" " ind2=" ">
    <subfield code="a">n  89260343 </subfield>
  </datafield>
  <datafield tag="035" ind1=" " ind2=" ">
    <subfield code="a">(OCoLC)oca03090017</subfield>
  </datafield>
  <datafield tag="040" ind1=" " ind2=" ">
    <subfield code="a">DLC</subfield>
    <subfield code="b">eng</subfield>
    <subfield code="c">DLC</subfield>
    <subfield code="d">DLC</subfield>
    <subfield code="d">OCoLC</subfield>
    <subfield code="d">DLC</subfield>
  </datafield>
  <datafield tag="043" ind1=" " ind2=" ">
    <subfield code="a">a-ce---</subfield>
  </datafield>
  <datafield tag="151" ind1=" " ind2=" ">
    <subfield code="a">Trincomalee (Sri Lanka : District)</subfield>
  </datafield>
  <datafield tag="451" ind1=" " ind2=" ">
    <subfield code="a">Tirukkōṇamalai Māvaṭṭam (Sri Lanka)</subfield>
  </datafield>
  <datafield tag="451" ind1=" " ind2=" ">
    <subfield code="a">Siri Gōṇamalaya (Sri Lanka : District)</subfield>
  </datafield>
  <datafield tag="451" ind1=" " ind2=" ">
    <subfield code="a">Trikuṇāmalaya (Sri Lanka : District)</subfield>
  </datafield>
  <datafield tag="670" ind1=" " ind2=" ">
    <subfield code="a">Vaṭivēl, I. Tirukkōṇamalai Māvaṭṭa tirurralaṅkaḷ, 1981:</subfield>
  </datafield>
  <datafield tag="670" ind1=" " ind2=" ">
    <subfield code="a">Ferguson's Sri Lanka directory, 1983-1985:</subfield>
    <subfield code="b">p. 28 (Trincomalee District)</subfield>
  </datafield>
  <datafield tag="670" ind1=" " ind2=" ">
    <subfield code="a">Col. lippincott</subfield>
    <subfield code="b">(Trinacomalee Dist.)</subfield>
  </datafield>
  <datafield tag="670" ind1=" " ind2=" ">
    <subfield code="a">Siri Gōṇamaalaya, hevat, Trikuṇāmalaya, 2009.</subfield>
  </datafield>
  <datafield tag="781" ind1=" " ind2="0">
    <subfield code="z">Sri Lanka</subfield>
    <subfield code="z">Trincomalee (District)</subfield>
  </datafield>
</record>